<record><leader>00000cas a2200000 a 4500</leader><controlfield tag="001">8804771</controlfield><controlfield tag="008">820924d18271830gauwr ne      0    0eng  </controlfield><datafield ind1=" " ind2=" " tag="010"><subfield code="a">sn 82015110 </subfield></datafield><datafield ind1=" " ind2=" " tag="040"><subfield code="a">DLC</subfield><subfield code="b">eng</subfield><subfield code="c">DLC</subfield><subfield code="d">NPX</subfield><subfield code="d">DLC</subfield><subfield code="d">NYS</subfield><subfield code="d">NLG</subfield><subfield code="d">FUG</subfield><subfield code="d">NVK</subfield><subfield code="d">NVF</subfield><subfield code="d">OCL</subfield><subfield code="d">GUA</subfield><subfield code="d">OCLCO</subfield><subfield code="d">OCLCQ</subfield><subfield code="d">OCLCF</subfield></datafield><datafield ind1="1" ind2=" " tag="029"><subfield code="a">AU@</subfield><subfield code="b">000020119872</subfield></datafield><datafield ind1=" " ind2=" " tag="042"><subfield code="a">pcc</subfield></datafield><datafield ind1=" " ind2=" " tag="043"><subfield code="a">n-us-ga</subfield></datafield><datafield ind1="0" ind2="0" tag="050"><subfield code="a">Newspaper 7528</subfield></datafield><datafield ind1="0" ind2="0" tag="245"><subfield code="a">Statesman &amp; patriot.</subfield></datafield><datafield ind1="3" ind2="0" tag="246"><subfield code="a">Statesman and patriot</subfield></datafield><datafield ind1=" " ind2=" " tag="260"><subfield code="a">Milledgeville, Ga. :</subfield><subfield code="b">E.H. Burritt,</subfield><subfield code="c">1827-1830.</subfield></datafield><datafield ind1=" " ind2=" " tag="300"><subfield code="a">v.</subfield></datafield><datafield ind1=" " ind2=" " tag="310"><subfield code="a">Weekly</subfield></datafield><datafield ind1="0" ind2=" " tag="362"><subfield code="a">New ser., no. 1 (June 11, 1827)-new ser., no. 82 (Dec. 27, 1828) ; v. 4, no. 1 (Jan. 3, 1829)-v. 5, no. 25 (July 3, 1830) = whole no. 75-whole no. 235.</subfield></datafield><datafield ind1=" " ind2=" " tag="530"><subfield code="a">Available on microfilm from the University of Georgia Libraries.</subfield></datafield><datafield ind1=" " ind2=" " tag="580"><subfield code="a">Formed by the union of: Georgia statesman, and: Georgia patriot.</subfield></datafield><datafield ind1=" " ind2="0" tag="651"><subfield code="a">Milledgeville (Ga.)</subfield><subfield code="v">Newspapers.</subfield></datafield><datafield ind1=" " ind2="0" tag="651"><subfield code="a">Baldwin County (Ga.)</subfield><subfield code="v">Newspapers.</subfield></datafield><datafield ind1=" " ind2="7" tag="655"><subfield code="a">Newspapers.</subfield><subfield code="2">fast</subfield><subfield code="0">(OCoLC)fst01423814</subfield></datafield><datafield ind1=" " ind2="7" tag="651"><subfield code="a">Georgia</subfield><subfield code="z">Baldwin County.</subfield><subfield code="2">fast</subfield><subfield code="0">(OCoLC)fst01212301</subfield></datafield><datafield ind1=" " ind2="7" tag="651"><subfield code="a">Georgia</subfield><subfield code="z">Milledgeville.</subfield><subfield code="2">fast</subfield><subfield code="0">(OCoLC)fst01226246</subfield></datafield><datafield ind1=" " ind2=" " tag="752"><subfield code="a">United States</subfield><subfield code="b">Georgia</subfield><subfield code="c">Baldwin</subfield><subfield code="d">Milledgeville.</subfield></datafield><datafield ind1="1" ind2="4" tag="780"><subfield code="t">Georgia statesman</subfield><subfield code="w">(DLC)sn 82015108</subfield><subfield code="w">(OCoLC)8804469</subfield></datafield><datafield ind1="1" ind2="4" tag="780"><subfield code="t">Georgia patriot</subfield><subfield code="w">(DLC)sn 82014352</subfield><subfield code="w">(OCoLC)8780238</subfield></datafield><datafield ind1="0" ind2="0" tag="785"><subfield code="t">Federal union (Milledgeville, Ga. : 1830)</subfield><subfield code="w">(DLC)sn 86053071</subfield><subfield code="w">(OCoLC)13137500</subfield></datafield></record>